<?xml version="1.0" encoding="UTF-8"?><record xmlns="http://www.loc.gov/MARC21/slim" xmlns:cinclude="http://apache.org/cocoon/include/1.0" xmlns:zs="http://www.loc.gov/zing/srw/">
  <leader>00480nz  a2200145n  4500</leader>
  <controlfield tag="001">n  86010763 </controlfield>
  <controlfield tag="003">DLC</controlfield>
  <controlfield tag="005">19870303173944.6</controlfield>
  <controlfield tag="008">870212n| acannaab|          |n aaa |||  </controlfield>
  <datafield tag="010" ind1=" " ind2=" ">
    <subfield code="a">n  86010763 </subfield>
  </datafield>
  <datafield tag="040" ind1=" " ind2=" ">
    <subfield code="a">DLC</subfield>
    <subfield code="c">DLC</subfield>
    <subfield code="d">DLC</subfield>
  </datafield>
  <datafield tag="100" ind1="1" ind2="0">
    <subfield code="a">Herz, Michael J.</subfield>
  </datafield>
  <datafield tag="670" ind1=" " ind2=" ">
    <subfield code="a">His Analysis of the Puerto Rican tanker incident, 1985:</subfield>
    <subfield code="b">t.p. (Michael J. Herz)</subfield>
  </datafield>
  <datafield tag="670" ind1=" " ind2=" ">
    <subfield code="a">LC data base, 2/9/87</subfield>
    <subfield code="b">(hdg.: Herz, Michael J.)</subfield>
  </datafield>
  <datafield tag="670" ind1=" " ind2=" ">
    <subfield code="a">Phone call to author, 2/9/87</subfield>
    <subfield code="b">(Michael Joseph Herz, b. 8/12/36)</subfield>
  </datafield>
</record>